<?xml version="1.0" encoding="UTF-8"?><collection xmlns="http://www.loc.gov/MARC21/slim"><record><leader>00680nam--2200181-u-4500</leader><controlfield tag="001">000054369</controlfield><controlfield tag="002">20161230</controlfield><controlfield tag="005">20161230201051</controlfield><controlfield tag="008">111128s1000------------r-----000-0-rus-d</controlfield><datafield ind1=" " ind2=" " tag="040"><subfield code="a">IFIN-HH</subfield></datafield><datafield ind1=" " ind2=" " tag="041"><subfield code="a">rus</subfield></datafield><datafield ind1=" " ind2=" " tag="080"><subfield code="a">539.12.162.7(075.9)</subfield></datafield><datafield ind1="1" ind2=" " tag="110"><subfield code="a">Obiedinennih Institut Iadernih Issledovanii</subfield></datafield><datafield ind1="1" ind2="0" tag="245"><subfield code="a">X mwjdunarodnaia skola moloodih ucenih po fizike visokih energii baku, 25 sentiabria - 5 ktiabria 1976 goda</subfield><subfield code="b">x INTERNATIONAL SCHOOL ON HIGH ENERGY PHYSICSS FOR YOUNG SCIENTISTS, BAKU 25 SEPTEMBER - 5 OCTOBER 1976</subfield></datafield><datafield ind1=" " ind2=" " tag="260"><subfield code="a">Dubna</subfield><subfield code="b">Obiedinennih Institut Iadernih Issledovanii</subfield><subfield code="c">1977</subfield></datafield><datafield ind1=" " ind2=" " tag="300"><subfield code="a">548P</subfield></datafield><datafield ind1=" " ind2=" " tag="852"><subfield code="a">45275</subfield><subfield code="c">539.12</subfield></datafield><datafield ind1=" " ind2=" " tag="CAT"><subfield code="a">Sys</subfield><subfield code="c">20111128</subfield><subfield code="h">161531</subfield></datafield></record></collection>